@article{eslami2015computational,
  title={Computational study of computed tomography contrast gradients in models of stenosed coronary arteries},
  author={Eslami, Parastou and Seo, Jung-Hee and Rahsepar, Amir Ali and George, Richard and Lardo, Albert C and Mittal, Rajat},
  journal={Journal of biomechanical engineering},
  volume={137},
  number={9},
  pages={091002},
  year={2015},
  publisher={American Society of Mechanical Engineers}
}

@article{eslami2019flow,
  title={Flow dynamics in the aortic arch and its effect on the arterial input function in cardiac computed tomography},
  author={Eslami, Parastou and Seo, Jung-Hee and Lardo, Albert C and Chen, Marcus Y and Mittal, Rajat},
  journal={Journal of Biomechanical Engineering},
  volume={141},
  number={10},
  pages={104501},
  year={2019},
  publisher={American Society of Mechanical Engineers}
}

@article{bakker2023extracting,
  title={Extracting coronary blood flow from the intensity of contrast enhanced CCTA images},
  author={Bakker, Luc},
  year={2023}
}


@article{al2018percutaneous,
  title={Percutaneous coronary intervention in stable angina (ORBITA): a double-blind, randomised controlled trial},
  author={Al-Lamee, Rasha and Thompson, David and Dehbi, Hakim-Moulay and Sen, Sayan and Tang, Kare and Davies, John and Keeble, Thomas and Mielewczik, Michael and Kaprielian, Raffi and Malik, Iqbal S and others},
  journal={The Lancet},
  volume={391},
  number={10115},
  pages={31--40},
  year={2018},
  publisher={Elsevier}
}

@article{toth2013fractional,
  title={Fractional flow reserve--guided versus angiography-guided coronary artery bypass graft surgery},
  author={Toth, Gabor and De Bruyne, Bernard and Casselman, Filip and De Vroey, Frederic and Pyxaras, Stylianos and Di Serafino, Luigi and Van Praet, Frank and Van Mieghem, Carlos and Stockman, Bernard and Wijns, William and others},
  journal={Circulation},
  volume={128},
  number={13},
  pages={1405--1411},
  year={2013},
  publisher={Am Heart Assoc}
}

@article{assen2020computed,
  title={Computed tomography for myocardial characterization in ischemic heart disease: a state-of-the-art review},
  author={Assen, M van and Vonder, M and Pelgrim, GJ and Von Knebel Doeberitz, PL and Vliegenthart, R},
  journal={European Radiology Experimental},
  volume={4},
  number={1},
  pages={1--13},
  year={2020},
  publisher={SpringerOpen}
}

@article{papamanolis2021myocardial,
  title={Myocardial perfusion simulation for coronary artery disease: A coupled patient-specific multiscale model},
  author={Papamanolis, Lazaros and Kim, Hyun Jin and Jaquet, Clara and Sinclair, Matthew and Schaap, Michiel and Danad, Ibrahim and van Diemen, Pepijn and Knaapen, Paul and Najman, Laurent and Talbot, Hugues and others},
  journal={Annals of biomedical engineering},
  volume={49},
  pages={1432--1447},
  year={2021},
  publisher={Springer}
}

@article{bove2003computational,
  title={Computational fluid dynamics in the evaluation of hemodynamic performance of cavopulmonary connections after the Norwood procedure for hypoplastic left heart syndrome},
  author={Bove, Edward L and de Leval, Marc R and Migliavacca, Francesco and Guadagni, Gualtiero and Dubini, Gabriele},
  journal={The Journal of Thoracic and Cardiovascular Surgery},
  volume={126},
  number={4},
  pages={1040--1047},
  year={2003},
  publisher={Elsevier}
}

@article{he2022medical,
  title={Medical image-based computational fluid dynamics and fluid-structure interaction analysis in vascular diseases},
  author={He, Yong and Northrup, Hannah and Le, Ha and Cheung, Alfred K and Berceli, Scott A and Shiu, Yan Tin},
  journal={Frontiers in Bioengineering and Biotechnology},
  volume={10},
  pages={671},
  year={2022},
  publisher={Frontiers}
}

@article{khan2021low,
  title={Low wall shear stress is associated with saphenous vein graft stenosis in patients with coronary artery bypass grafting},
  author={Khan, Muhammad Owais and Tran, Justin S and Zhu, Han and Boyd, Jack and Packard, Ren{\'e} R Sevag and Karlsberg, Ronald P and Kahn, Andrew M and Marsden, Alison L},
  journal={Journal of cardiovascular translational research},
  volume={14},
  pages={770--781},
  year={2021},
  publisher={Springer}
}

@article{kung2011vitro,
  title={In vitro validation of finite element analysis of blood flow in deformable models},
  author={Kung, Ethan O and Les, Andrea S and Figueroa, C Alberto and Medina, Francisco and Arcaute, Karina and Wicker, Ryan B and McConnell, Michael V and Taylor, Charles A},
  journal={Annals of biomedical engineering},
  volume={39},
  pages={1947--1960},
  year={2011},
  publisher={Springer}
}

@article{cook2017diagnostic,
  title={Diagnostic accuracy of computed tomography--derived fractional flow reserve: a systematic review},
  author={Cook, Christopher M and Petraco, Ricardo and Shun-Shin, Matthew J and Ahmad, Yousif and Nijjer, Sukhjinder and Al-Lamee, Rasha and Kikuta, Yuetsu and Shiono, Yasutsugu and Mayet, Jamil and Francis, Darrel P and others},
  journal={JAMA cardiology},
  volume={2},
  number={7},
  pages={803--810},
  year={2017},
  publisher={American Medical Association}
}